@Book{xie2015,
  title = {Dynamic Documents with {R} and knitr},
  author = {Yihui Xie},
  publisher = {Chapman and Hall/CRC},
  address = {Boca Raton, Florida},
  year = {2015},
  edition = {2nd},
  note = {ISBN 978-1498716963},
  url = {http://yihui.org/knitr/},
}
@book{larson2006calculo,
  title={C{\'a}lculo de varias variables},
  author={Larson, Ron},
  number={QA303. l3718 2004.},
  year={2006}
}
@book{stewart2020single,
  title={Single variable calculus: Early transcendentals},
  author={Stewart, James and Clegg, Daniel K and Watson, Saleem},
  year={2020},
  publisher={Cengage Learning}
}
@book{thomas2003thomas,
  title={Thomas' calculus},
  author={Thomas, George Brinton and Finney, Ross L and Weir, Maurice D and Giordano, Frank R},
  year={2003},
  publisher={Addison-Wesley Reading}
}
@book{zill2002ecuaciones,
  title={Ecuaciones diferenciales con aplicaciones de modelado},
  author={Zill, Dennis G and Hern{\'a}ndez, Ana Elizabeth Garc{\'\i}a and L{\'o}pez, Ernesto Filio},
  number={970-686-487-3.},
  year={2002},
  publisher={Thomson Learning M{\'e}xico}
}
@book{zill2012algebra,
  title={Algebra, trigonometria y geometria analitica.},
  author={Zill, Dennis G and Dewar, Jacqueline M},
  year={2012},
  publisher={McGraw Hill}
}
@article{zill2011matematicas,
  title={Matem{\'a}ticas 1: C{\'a}lculo diferencial.},
  author={Zill, Dennis G and Wright, Warren S},
  year={2011},
  publisher={McGraw-Hill}
}